@mastersthesis{RAWilson,
   author={Robert Allan Wilson},
   school={Portland State University. Department of Physics},
   title={Directional correlation of the 346-136 keV gamma-gamma cascade in Ta181},
   year={1969},
   url={https://pdxscholar.library.pdx.edu/open_access_etds/75/},
}

@misc{descr,
   title={Experiment description: Nuclear $\gamma$-$\gamma$ Angular Correlations},
   author={Unknown},
   year={2019},
}

@book{siegbahn,
   title={$\alpha$-, $\beta$-, and $\gamma$-Ray Spectroscopy},
   volume={2},
   editor={Kai Siegbahn},
   publisher={North-Holland Publishing Company},
   year={1965},
}

@article{STEVENSON2002853,
title = "Analytic angular momentum coupling coefficient calculators",
journal = "Computer Physics Communications",
volume = "147",
number = "3",
pages = "853 - 858",
year = "2002",
issn = "0010-4655",
doi = "https://doi.org/10.1016/S0010-4655(02)00462-9",
url = "http://www.sciencedirect.com/science/article/pii/S0010465502004629",
author = "P.D. Stevenson",
keywords = "Clebsch–Gordan coefficients, Racah coefficients, Angular momentum",
abstract = "We describe a Java implementation of a suite of programs to calculate analytically Clebsch–Gordan coefficients, and 3j, 6j and 9j symbols used in the quantum theory of angular momentum."
}

@misc{369j,
   url={https://plasma-gate.weizmann.ac.il/369j.html},
   title={369j-symbol Calculator},
   author={Plasma Laboratory of Weizmann Institute of Science},
}

@misc{wikiScin,
   url={https://commons.wikimedia.org/wiki/File:PhotoMultiplierTubeAndScintillator.svg},
   author={Qwerty123uiop},
   year={2013},
   title={File:PhotoMultiplierTubeAndScintillator.svg}
}


@book{wermes, 
   place={Berlin, Heidelberg}, 
   title={Teilchendetektoren}, 
   publisher={Springer Berlin Heidelberg}, 
   author={Kolanoski, Hermann and Wermes, Norbert}, 
   year={2016}
}
