@book{TEU, 
   place={Redwood City, CA}, 
   title={The Early Universe}, 
   publisher={Addison-Wesley}, 
   author={Kolb, Edward W. and Turner, Michael S.}, 
   year={1993}
}

@misc{manual,
   title={Advanced lab course in physics at Bonn University: Optical Astronomy and Gravitational Lensing},
   author={Unknown},
   year={2020},
}

@misc{Schneider,
   title={Introduction to Gravitational Lensing and Cosmology},
   author={P. Schneider},
}
@misc{galfitManual,
	title={GALFIT USERâ€™S MANUAL},
	author={Chien Y. Peng},
	url={https://users.obs.carnegiescience.edu/peng/work/galfit/README.pdf},
}

@article{vuissoz,
	title={COSMOGRAIL: the COSmological MOnitoringof GRAvItational Lenses},
	author={C. Vuissoz and F. Courbin and D.Sluse and G.Meylan and M.Ibrahimov and I. Asfandiyarov and E. Stoops and A. Eigenbrod and L. Le Guillou and H.vanWinckel and P. Magain},
	year={2006},
}
