@article{manual,
	author={Unknown},
	title={Lab manual. E217 STYX},
	year={2020},
}


@article{PDG,
    author = "Zyla, P.A. and others",
    collaboration = "Particle Data Group",
    title = "{Review of Particle Physics}",
    doi = "10.1093/ptep/ptaa104",
    journal = "PTEP",
    volume = "2020",
    number = "8",
    pages = "083C01",
    year = "2020"
}


@book{grupen, 
	place={Berlin}, 
	title={Astroparticle physics}, 
	publisher={Springer}, 
	author={Grupen, Claus and Cowan, Glen and Eidelman, Simon and Stroh, Tilo}, 
	year={2005}
}

@book{Gaisser,
	title={Cosmic rays and particle physics},
	author={Thomas K. Gaiser and Ralph Engel and Elisa Resconi},
	year={2016},
	publisher={Cambridge university press},
}

@book{leo,
	title={Techniques for nuclear and particle physics experiments},
	author={William R. Leo},
	edition={2nd},
	publisher={Springer-Verlag Berlin Heidelberg GmbH},
	year={1994},
}

@book{wermes,
	title={Teilchendetektoren: Grundlagen und Anwendungen},
	author={Hermann Kolanoski and Nobert Wermes},
	publisher={Springer},
	ISBN={978-3-662-45350-6},
}

@misc{root-bins,
	url={https://root.cern.ch/root/htmldoc/guides/users-guide/Histograms.html},
	title={User Guide: Histograms},
	author={CERN},
}

@article{Shukla,
    author = "Shukla, Prashant and Sankrith, Sundaresh",
    title = "{Energy and angular distributions of atmospheric muons at the Earth}",
    eprint = "1606.06907",
    archivePrefix = "arXiv",
    primaryClass = "hep-ph",
    doi = "10.1142/S0217751X18501750",
    journal = "Int. J. Mod. Phys. A",
    volume = "33",
    number = "30",
    pages = "1850175",
    year = "2018"
}

@article{BAHMANABADI20191,
title = "A method for determining the angular distribution of atmospheric muons using a cosmic ray telescope",
journal = "Nuclear Instruments and Methods in Physics Research Section A: Accelerators, Spectrometers, Detectors and Associated Equipment",
volume = "916",
pages = "1 - 7",
year = "2019",
issn = "0168-9002",
doi = "https://doi.org/10.1016/j.nima.2018.11.010",
url = "http://www.sciencedirect.com/science/article/pii/S0168900218315560",
author = "M. Bahmanabadi",
keywords = "Cosmic rays telescope, Atmospheric muon",
abstract = "A cosmic ray telescope consisting of two scintillators (each one with a surface area of 0.14 m2, spaced 283 cm top of each other) was constructed to study the angular distribution of atmospheric muons. Using the CORSIKA code, the muons energy spectrum is parameterized in different energy regions at Tehran’s altitude (1200 m above sea level ≡897gcm−2), and by using a Monte Carlo program, the minimum energy recorded by the telescope is calculated. Due to the geomagnetic field, in the azimuth angle distribution of atmospheric muons, an anisotropy is observed in the East–West direction. The zenith angle distribution of the atmospheric muons follows the function cosnθ. Due to the relatively large field of view of the telescope, the iteration method is used to obtain the effective angle of orientation of the telescope. With this method, the value n=2.33±0.11 is calculated. The simulation data also provides the mean value n̄=2.30±0.10, which has a good match with the experimental result."
}

@misc{wiki:cosmic,
	url={https://www.nobelprize.org/prizes/physics/1936/ceremony-speech/},
	title={Award ceremony speech},
	author={Prof. H. Pleijel},
}

@article{Barenboim_2017,
   title={Cosmology and CPT violating neutrinos},
   volume={77},
   ISSN={1434-6052},
   url={http://dx.doi.org/10.1140/epjc/s10052-017-5347-y},
   DOI={10.1140/epjc/s10052-017-5347-y},
   number={11},
   journal={The European Physical Journal C},
   publisher={Springer Science and Business Media LLC},
   author={Barenboim, Gabriela and Salvado, Jordi},
   year={2017},
   month={Nov}
}

@article{Gomez_Coral_2020,
   title={SM antideuteron background to indirect dark matter signals in galactic cosmic rays},
   volume={1602},
   ISSN={1742-6596},
   url={http://dx.doi.org/10.1088/1742-6596/1602/1/012005},
   DOI={10.1088/1742-6596/1602/1/012005},
   journal={Journal of Physics: Conference Series},
   publisher={IOP Publishing},
   author={Gomez Coral, D.M. and Menchaca-Rocha, Arturo},
   year={2020},
   month={Jul},
   pages={012005}
}

@misc{Styx,
	title={Straw Tube Young Student eXperiment - STYX },
	url={https://www.brock.physik.uni-bonn.de/research/styx-experiment},
}
