@misc{manual,
	title={E213 Analysis of Z0 Decay},
	author={Unknown},
	year={2019},
}

@article{Lefebvre:400631,
      author        = "Lefebvre, M and Keeler, Richard K and Sobie, Randall J and
                       White, J",
      title         = "{Propagation of Errors for Matrix Inversion}",
      journal       = "Nucl. Instrum. Methods Phys. Res., A",
      number        = "hep-ex/9909031",
      volume        = "451",
      pages         = "520-528",
      year          = "2000",
      reportNumber  = "hep-ex/9909031",
      url           = "https://cds.cern.ch/record/400631",
}

